<?xml version="1.0" encoding="UTF-8"?>
<collection xmlns:xsi="http://www.w3.org/2001/XMLSchema-instance" xsi:schemaLocation="http://www.loc.gov/MARC21/slim http://www.loc.gov/standards/marcxml/schema/MARC21slim.xsd" xmlns="http://www.loc.gov/MARC21/slim">
<record>
  <leader>00937cam a2200265   4500</leader>
  <controlfield tag="001">3068172</controlfield>
  <controlfield tag="003">NNC</controlfield>
  <controlfield tag="005">20131014150507.0</controlfield>
  <controlfield tag="008">890228s1949    sy            000 0 arao </controlfield>
  <datafield tag="010" ind1=" " ind2=" ">
    <subfield code="a">   59023154 </subfield>
  </datafield>
  <datafield tag="035" ind1=" " ind2=" ">
    <subfield code="a">(OCoLC)ocm23507351</subfield>
  </datafield>
  <datafield tag="035" ind1=" " ind2=" ">
    <subfield code="9">ATP0613CU</subfield>
  </datafield>
  <datafield tag="035" ind1=" " ind2=" ">
    <subfield code="a">(NNC)3068172</subfield>
  </datafield>
  <datafield tag="040" ind1=" " ind2=" ">
    <subfield code="a">DLC</subfield>
    <subfield code="c">EYM</subfield>
    <subfield code="d">CGU</subfield>
    <subfield code="d">ZCU</subfield>
  </datafield>
  <datafield tag="050" ind1=" " ind2="4">
    <subfield code="a">PJ 7701</subfield>
    <subfield code="b">.A43 A17 1949</subfield>
  </datafield>
  <datafield tag="099" ind1=" " ind2=" ">
    <subfield code="a">893.7AL4</subfield>
    <subfield code="a">L</subfield>
  </datafield>
  <datafield tag="100" ind1="0" ind2=" ">
    <subfield code="a">ʻAlī ibn al-Jahm,</subfield>
    <subfield code="d">-863.</subfield>
  </datafield>
  <datafield tag="245" ind1="1" ind2="0">
    <subfield code="a">Dīwān /</subfield>
    <subfield code="c">ʻAlī ibn al-Jahm ; ʻuniya bi-taḥqīqih wa-nashrih wa-jamʻ takmilatih Khalīl Mardam.</subfield>
  </datafield>
  <datafield tag="260" ind1=" " ind2=" ">
    <subfield code="a">[Dimashq :</subfield>
    <subfield code="b">al-Majmaʻ al-ʻIlmī al-ʻArabī,</subfield>
    <subfield code="c">1949.]</subfield>
  </datafield>
  <datafield tag="300" ind1=" " ind2=" ">
    <subfield code="a">47, 258 p.</subfield>
    <subfield code="b">facsims.</subfield>
    <subfield code="c">25 cm.</subfield>
  </datafield>
  <datafield tag="490" ind1="1" ind2=" ">
    <subfield code="a">Maṭbūʻāt al-Majmaʻ al-ʻIlmī al-ʻArabī bi-Dimashq</subfield>
  </datafield>
  <datafield tag="504" ind1=" " ind2=" ">
    <subfield code="a">Bibliography: p. [210]-212.</subfield>
  </datafield>
  <datafield tag="700" ind1="1" ind2=" ">
    <subfield code="a">Mardam, Khalīl,</subfield>
    <subfield code="d">1895-1959,</subfield>
    <subfield code="e">editor.</subfield>
  </datafield>
  <datafield tag="830" ind1=" " ind2="0">
    <subfield code="a">Maṭbūʻāt al-Majmaʻ al-ʻIlmī al-ʻArabī bi-Dimashq.</subfield>
  </datafield>
  <datafield tag="955" ind1=" " ind2=" ">
    <subfield code="b">CU58866132</subfield>
    <subfield code="d">off,glx</subfield>
    <subfield code="e">893.7AL4 L</subfield>
  </datafield>
</record>
</collection>